<?xml version="1.0" encoding="UTF-8"?><record xmlns="http://www.loc.gov/MARC21/slim" xmlns:cinclude="http://apache.org/cocoon/include/1.0" xmlns:zs="http://www.loc.gov/zing/srw/">
  <leader>00596nz  a2200133n  4500</leader>
  <controlfield tag="001">no2011027126</controlfield>
  <controlfield tag="003">DLC</controlfield>
  <controlfield tag="005">20110222104241.0</controlfield>
  <controlfield tag="008">110220n| acannaabn          |n aaa     c</controlfield>
  <datafield tag="010" ind1=" " ind2=" ">
    <subfield code="a">no2011027126</subfield>
  </datafield>
  <datafield tag="035" ind1=" " ind2=" ">
    <subfield code="a">(OCoLC)oca08774823</subfield>
  </datafield>
  <datafield tag="040" ind1=" " ind2=" ">
    <subfield code="a">NNFr</subfield>
    <subfield code="b">eng</subfield>
    <subfield code="c">NNFr</subfield>
  </datafield>
  <datafield tag="100" ind1="1" ind2=" ">
    <subfield code="a">Koniček, Vincenz</subfield>
  </datafield>
  <datafield tag="670" ind1=" " ind2=" ">
    <subfield code="a">Katalog einer ausgewählten Sammlung von alten Kupferstichen, Handzeichnungen, Oelgemälden und eines seltenen Originalmanuscriptes von F. Schubert aus dem Nachlasse des Herrn Vincenz Koniček, 1893:</subfield>
    <subfield code="b">t.p. (Vincenz Koniček; Imperial-royal military registrar and knight of the Franz Josef Order)</subfield>
  </datafield>
</record>